@Manual{R-base,
  title = {R: A Language and Environment for Statistical Computing},
  author = {{R Core Team}},
  organization = {R Foundation for Statistical Computing},
  address = {Vienna, Austria},
  year = {2018},
  url = {https://www.R-project.org/},
}
@Manual{R-papaja,
  author = {Frederik Aust and Marius Barth},
  title = {{papaja}: {Create} {APA} manuscripts with {R Markdown}},
  year = {2018},
  note = {R package version 0.1.0.9842},
  url = {https://github.com/crsh/papaja},
}
@Manual{R-devtools,
  title = {devtools: Tools to Make Developing R Packages Easier},
  author = {Hadley Wickham and Jim Hester and Winston Chang},
  year = {2018},
  note = {R package version 2.0.1},
  url = {https://CRAN.R-project.org/package=devtools},
}
@Book{R-ggplot2,
  author = {Hadley Wickham},
  title = {ggplot2: Elegant Graphics for Data Analysis},
  publisher = {Springer-Verlag New York},
  year = {2016},
  isbn = {978-3-319-24277-4},
  url = {http://ggplot2.org},
}
@Manual{R-semPlot,
  title = {semPlot: Path Diagrams and Visual Analysis of Various SEM Packages'
Output},
  author = {Sacha Epskamp and with contributions from Simon Stuber},
  year = {2017},
  note = {R package version 1.1},
  url = {https://CRAN.R-project.org/package=semPlot},
}
@Manual{R-usethis,
  title = {usethis: Automate Package and Project Setup},
  author = {Hadley Wickham and Jennifer Bryan},
  year = {2018},
  note = {R package version 1.4.0},
  url = {https://CRAN.R-project.org/package=usethis},
}
@Manual{R-kableExtra,
  title = {kableExtra: Construct Complex Table with 'kable' and Pipe Syntax},
  author = {Hao Zhu},
  year = {2018},
  note = {R package version 0.9.0},
  url = {https://CRAN.R-project.org/package=kableExtra},
}
@Manual{R-magrittr,
  title = {magrittr: A Forward-Pipe Operator for R},
  author = {Stefan Milton Bache and Hadley Wickham},
  year = {2014},
  note = {R package version 1.5},
  url = {https://CRAN.R-project.org/package=magrittr},
}
@Manual{R-dplyr,
  title = {dplyr: A Grammar of Data Manipulation},
  author = {Hadley Wickham and Romain François and Lionel Henry and Kirill Müller},
  year = {2018},
  note = {R package version 0.7.8},
  url = {https://CRAN.R-project.org/package=dplyr},
}
@Manual{R-forcats,
  title = {forcats: Tools for Working with Categorical Variables (Factors)},
  author = {Hadley Wickham},
  year = {2018},
  note = {R package version 0.3.0},
  url = {https://CRAN.R-project.org/package=forcats},
}
@Article{R-lavaan,
  title = {{lavaan}: An {R} Package for Structural Equation Modeling},
  author = {Yves Rosseel},
  journal = {Journal of Statistical Software},
  year = {2012},
  volume = {48},
  number = {2},
  pages = {1--36},
  url = {http://www.jstatsoft.org/v48/i02/},
}
@Manual{R-purrr,
  title = {purrr: Functional Programming Tools},
  author = {Lionel Henry and Hadley Wickham},
  year = {2018},
  note = {R package version 0.2.5},
  url = {https://CRAN.R-project.org/package=purrr},
}
@Manual{R-readr,
  title = {readr: Read Rectangular Text Data},
  author = {Hadley Wickham and Jim Hester and Romain Francois},
  year = {2018},
  note = {R package version 1.2.1},
  url = {https://CRAN.R-project.org/package=readr},
}
@Manual{R-stringr,
  title = {stringr: Simple, Consistent Wrappers for Common String Operations},
  author = {Hadley Wickham},
  year = {2018},
  note = {R package version 1.3.1},
  url = {https://CRAN.R-project.org/package=stringr},
}
@Manual{R-td,
  title = {td: Functions For Everyday Use},
  author = {Tobias Dienlin},
  year = {2018},
  note = {R package version 0.0.1},
}
@Manual{R-tibble,
  title = {tibble: Simple Data Frames},
  author = {Kirill Müller and Hadley Wickham},
  year = {2018},
  note = {R package version 1.4.2},
  url = {https://CRAN.R-project.org/package=tibble},
}
@Manual{R-tidyr,
  title = {tidyr: Easily Tidy Data with 'spread()' and 'gather()' Functions},
  author = {Hadley Wickham and Lionel Henry},
  year = {2018},
  note = {R package version 0.8.2},
  url = {https://CRAN.R-project.org/package=tidyr},
}
@Manual{R-tidyverse,
  title = {tidyverse: Easily Install and Load the 'Tidyverse'},
  author = {Hadley Wickham},
  year = {2017},
  note = {R package version 1.2.1},
  url = {https://CRAN.R-project.org/package=tidyverse},
}
