% This file was created with Citavi 6.2.0.12

@book{Altman.1975,
 author = {Altman, Irwin},
 year = {1975},
 title = {{The environment and social behavior}},
 keywords = {Privacy},
 address = {Monterey, CA},
 publisher = {{Brooks Cole}},
 isbn = {9780818501685}
}


@book{Burgoon.1982b,
 year = {1982},
 title = {{Communication yearbook 6}},
 address = {Beverly Hills, CA},
 publisher = {Routledge},
 editor = {Burgoon, M.}
}


@incollection{Dienlin.2014,
 author = {Dienlin, Tobias},
 title = {{The privacy process model}},
 pages = {105--122},
 bookpagination = {page},
 publisher = {{Karl Stutz}},
 editor = {Garnett, S. and Halft, S. and Herz, M. and Mönig, J. M.},
 booktitle = {{Medien und Privatheit}},
 year = {2014},
 address = {Passau, Germany}
}


@article{Paunonen.2001,
 author = {Paunonen, Sampo V. and Ashton, Michael C.},
 year = {2001},
 title = {{Big Five factors and facets and the prediction of behavior}},
 pages = {524--539},
 pagination = {page},
 volume = {81},
 number = {3},
 issn = {0022-3514},
 journal = {{Journal of Personality and Social Psychology}},
 doi = {10.1037/0022-3514.81.3.524}
}


@article{Paunonen.2003,
 author = {Paunonen, Sampo V. and Haddock, Geoffrey and Forsterling, Friedrich and Keinonen, Mirja},
 year = {2003},
 title = {{Broad versus narrow personality measures and the prediction of behaviour across cultures}},
 pages = {413--433},
 pagination = {page},
 volume = {17},
 number = {6},
 issn = {08902070},
 journal = {{European Journal of Personality}},
 doi = {10.1002/per.496}
}


@article{Pedersen.1979,
 author = {Pedersen, Darhl M.},
 year = {1979},
 title = {{Dimensions of privacy}},
 pages = {1291--1297},
 pagination = {page},
 volume = {48},
 number = {3},
 issn = {0031-5125},
 journal = {{Perceptual and Motor Skills}},
 doi = {10.2466/pms.1979.48.3c.1291}
}


@article{Pedersen.1982,
 author = {Pedersen, Darhl M.},
 year = {1982},
 title = {{Personality correlates of privacy}},
 pages = {11--14},
 pagination = {page},
 volume = {112},
 number = {1},
 issn = {0022-3980},
 journal = {{The Journal of Psychology}},
 doi = {10.1080/00223980.1982.9923528}
}


@article{Schwartz.1968,
 author = {Schwartz, B.},
 year = {1968},
 title = {{The social psychology of privacy}},
 urldate = {2015-04-01},
 pages = {741--752},
 pagination = {page},
 volume = {73},
 number = {6},
 journal = {{American Journal of Sociology}}
}


@book{Westin.1967,
 author = {Westin, A. F.},
 year = {1967},
 title = {{Privacy and freedom}},
 address = {New York, NY},
 publisher = {Atheneum}
}


